<?xml version="1.0" encoding="UTF-8" ?>
<record Numero="14814368" format="InterXMarc_Complet" type="Authority">
<leader>00335c1 au22000272  45  <Pos Code="0004">00335</Pos>
<Pos Code="05" Sens="notice modifiée">c</Pos>
<Pos Code="06" Sens="notice validée en catalogage courant">1</Pos>
<Pos Code="08" Sens="notice d&apos;autorité">a</Pos>
<Pos Code="09" Sens="titre uniforme musical (TUM)">u</Pos>
<Pos Code="10">2</Pos>
<Pos Code="11">2</Pos>
<Pos Code="1216">00027</Pos>
<Pos Code="17" Sens="autres cas">2</Pos>
<Pos Code="20">4</Pos>
<Pos Code="21">5</Pos>
</leader>
<controlfield tag="001">FRBNF148143685<Pos Code="0001">FR</Pos>
<Pos Code="0204">BNF</Pos>
<Pos Code="0512">14814368</Pos>
<Pos Code="13">5</Pos>
</controlfield>
<controlfield tag="008">001104001104yy    uu        1977                             1   <Pos Code="0001">00</Pos>
<Pos Code="0203">11</Pos>
<Pos Code="0405">04</Pos>
<Pos Code="0607">00</Pos>
<Pos Code="0809">11</Pos>
<Pos Code="1011">04</Pos>
<Pos Code="1213" Sens="ne s&apos;applique pas">yy</Pos>
<Pos Code="1820">uu </Pos>
<Pos Code="2831">1977</Pos>
<Pos Code="61" Sens="La vedette peut être liée à une notice bibliographique sauf pour l&apos;accès matière RAMEAU">1</Pos>
</controlfield>
<datafield tag="048" ind1=" " ind2=" ">
	<subfield code="a">oc01<Pos Code="0001" Sens="orchestre - orchestre à cordes 4 parties">oc</Pos>
<Pos Code="02">0</Pos>
<Pos Code="03">1</Pos>
</subfield>
</datafield>
<datafield tag="100" ind1=" " ind2=" ">
	<subfield code="3">13921856</subfield>
	<subfield code="w"> 0  b     </subfield>
	<subfield code="a">Pärt</subfield>
	<subfield code="m">Arvo</subfield>
	<subfield code="d">1935-....</subfield>
</datafield>
<datafield tag="144" ind1="1" ind2=" ">
	<subfield code="w">....b.....</subfield>
	<subfield code="a">Summa</subfield>
	<subfield code="b">Orchestre à cordes</subfield>
</datafield>
<datafield tag="600" ind1=" " ind2=" ">
	<subfield code="a">Date de composition : 1977/1991</subfield>
</datafield>
<datafield tag="610" ind1=" " ind2=" ">
	<subfield code="a">Catalogue éditeur Universal Ed., 1998</subfield>
</datafield>
<datafield tag="917" ind1=" " ind2=" ">
	<subfield code="o">OPD</subfield>
	<subfield code="a">100403490</subfield>
	<subfield code="b">ATUM</subfield>
</datafield>
<Attr Nom="IDPerenne">ark:/12148/cb14814368q</Attr>
<Attr Nom="NumSource">OPD 100403490</Attr>
<Attr Nom="Source" Sens="BnF catalogue général (depuis 1999)">A</Attr>
<Attr Nom="NumAutoriteLiee">13921856</Attr>
<Attr Nom="DateCreation">04/11/ 2000</Attr>
<Attr Nom="ResponsableCreation">MIGV3</Attr>
<Attr Nom="StructCreation">1</Attr>
<Attr Nom="DateDerniereValidation">09/11/ 2010</Attr>
<Attr Nom="ResponsableDerniereValidation">MIGV4</Attr>
<Attr Nom="StructPremiereValidation">1</Attr>
<Attr Nom="DatePremiereValidation">04/11/ 2000</Attr>
<Attr Nom="ResponsablePremiereValidation">MIGV3</Attr>
<Attr Nom="StructDerniereValidation">1</Attr>
<Attr Nom="NumSource">OPP 13869734</Attr>
</record>
